@article{baslan2012genome,
  title={Genome-wide copy number analysis of single cells},
  author={Baslan, Timour and Kendall, Jude and Rodgers, Linda and Cox,
    Hilary and Riggs, Mike and Stepansky, Asya and Troge, Jennifer and
    Ravi, Kandasamy and Esposito, Diane and Lakshmi, B and others},
  journal={Nature protocols},
  volume={7},
  number={6},
  pages={1024--1041},
  year={2012},
  publisher={Nature Publishing Group}
}

@incollection{kendall2014computational,
  title={Computational methods for DNA copy-number analysis of tumors},
  author={Kendall, Jude and Krasnitz, Alexander},
  booktitle={Cancer Genomics and Proteomics},
  pages={243--259},
  year={2014},
  publisher={Springer}
}

@article{olshen2004circular,
  title={Circular binary segmentation for the analysis of
    array-based DNA copy number data},
  author={Olshen, Adam B and Venkatraman, ES and Lucito,
    Robert and Wigler, Michael},
  journal={Biostatistics},
  volume={5},
  number={4},
  pages={557--572},
  year={2004},
  publisher={Oxford University Press}
}

@article{li2013aligning,
  title={Aligning sequence reads, clone sequences and assembly
    contigs with BWA-MEM},
  author={Li, Heng},
  journal={arXiv preprint arXiv:1303.3997},
  year={2013}
}

@article{amemiya2019encode,
  title={The ENCODE blacklist: identification of problematic 
    regions of the genome},
  author={Amemiya, Haley M and Kundaje, Anshul and Boyle, Alan P},
  journal={Scientific reports},
  volume={9},
  number={1},
  pages={1--5},
  year={2019},
  publisher={Nature Publishing Group}
}

